% This file was created with JabRef 2.6.
% Encoding: Cp1252

@MANUAL{R2011,
  title = {R: A Language and Environment for Statistical Computing},
  author = {{R Development Core Team}},
  organization = {R Foundation for Statistical Computing},
  address = {Vienna, Austria},
  year = {2011},
  note = {{ISBN} 3-900051-07-0},
  url = {http://www.R-project.org/}
}

@INPROCEEDINGS{ten11,
  author = {Martijn Tennekes and Edwin de Jonge},
  title = {Visual profiling of large statistical datasets},
  booktitle = {Proceedings of the 2011 New Techniques and Technologies for Statistics
	conference},
  year = {2011},
  address = {Brussels, Belgium}
}

